
@inreference{InternetCosas2021,
  title = {Internet de las cosas},
  booktitle = {Wikipedia, la enciclopedia libre},
  date = {2021-06-25T17:40:03Z},
  url = {https://es.wikipedia.org/w/index.php?title=Internet_de_las_cosas&oldid=136582135},
  urldate = {2021-06-30},
  abstract = {La internet de las cosas (en inglés, Internet of things, abreviado IoT;[1]\mbox{} IdC, por sus siglas en español)[2]\mbox{} es un concepto que se refiere a una interconexión digital de objetos cotidianos con internet.[3]\mbox [4]\mbox{} Es, en definitiva, la conexión de internet más con objetos que con personas.[2]\mbox{} También se suele conocer como internet de todas las cosas o internet en las cosas. Si los objetos de la vida cotidiana tuvieran incorporadas etiquetas de radio, podrían ser identificados y gestionados por otros equipos de la misma manera que si lo fuesen por seres humanos.[5]\mbox [6]\mbox{} Constituye un cambio radical en la calidad de vida de las personas en la sociedad, ofrece una gran cantidad de nuevas oportunidades de acceso a datos, servicios específicos en la educación, seguridad, asistencia sanitaria y en el transporte,  entre otros campos. El concepto de internet de las cosas fue propuesto   en 1999, por Kevin Ashton, en el Auto-ID Center del MIT,[7]\mbox{} en donde se realizaban investigaciones en el campo de la identificación por radiofrecuencia en red (RFID) y tecnologías de sensores.[8]\mbox{} Por ejemplo, si los libros, termostatos, refrigeradores, la paquetería, lámparas, botiquines, partes automotrices, entre otros, estuvieran conectados a internet y equipados con dispositivos de identificación, no existirían, en teoría, artículos fuera de stock o medicinas caducas; sabríamos exactamente la ubicación, cómo se consumen en el mundo; el extravío pasaría a ser cosa del pasado, y sabríamos qué está encendido y qué está apagado en todo momento.[9]\mbox{} Se calcula que todo ser humano está rodeado, al menos, por un total de aproximadamente 1000 a 5000 objetos.[10]\mbox [11]\mbox{} Por un lado, según la empresa Gartner, en 2020[12]\mbox{} habrá en el mundo aproximadamente 26 mil millones de dispositivos con un sistema de conexión al internet de las cosas.[13]\mbox{} Abi Research, por otro lado, afirma que para el mismo año existirán 30 mil millones de dispositivos inalámbricos conectados a internet.[14]\mbox{} Con la próxima generación de aplicaciones de internet (protocolo IPv6) se podrían identificar todos los objetos, algo que no se podía hacer con IPv4. Este sistema sería capaz de identificar instantáneamente por medio de un código a cualquier tipo de objeto.[15]\mbox{} La empresa estadounidense Cisco, que es quien está detrás de la iniciativa de la internet de las cosas, ha creado un “contador de conexiones” dinámico que le permite estimar el número de “cosas” conectadas desde julio del 2013 hasta 2020.[16]\mbox{} La conexión de  dispositivos  a la red a través de señales de radio de baja potencia es el campo de estudio más activo de la internet de las cosas. Este hecho explica por qué las señales de este tipo no necesitan wi-fi ni bluetooth. Sin embargo, se están investigando distintas alternativas que necesitan menos energía y que resultan más económicas, con el nombre Chirp Networks.[17]\mbox [18]\mbox{} A la fecha de este artículo, el término internet de las cosas se usa con una denotación de conexión avanzada de dispositivos, sistemas y servicios que va más allá del tradicional M2M (máquina a máquina) y abarca una amplia variedad de protocolos, dominios y aplicaciones. [17]\mbox [19]\mbox{} El servicio touchatag de Alcatel-Lucent y el gadget Violeta Mirror pueden proporcionar un enfoque de orientación pragmática a los consumidores de la internet de las cosas, por el que cualquiera puede enlazar elementos del mundo real al mundo en línea utilizando las etiquetas RFID (y códigos QR, en el caso de touchatag).},
  annotation = {Page Version ID: 136582135},
  file = {/home/javinator9889/Zotero/storage/YXZWRPDR/index.html},
  langid = {spanish}
}

@online{vishHowMuchData2020,
  title = {How {{Much Data Is Created Every Day}} in 2021? [{{You}}'ll Be Shocked!]},
  shorttitle = {How {{Much Data Is Created Every Day}} in 2021?},
  author = {{Vish}},
  date = {2020-06-24T09:29:40+00:00},
  url = {https://techjury.net/blog/how-much-data-is-created-every-day/},
  urldate = {2021-06-30},
  abstract = {How much data is created every day? If "a lot" isn't enough for you, then check out our list of data growth statistics to find the answer!},
  file = {/home/javinator9889/Zotero/storage/DS8E6T23/how-much-data-is-created-every-day.html},
  langid = {american},
  organization = {{TechJury}}
}


